@misc{Lichman:2013 ,
author = "M. Lichman",
year = "2013",
title = "{UCI} Machine Learning Repository",
url = "http://archive.ics.uci.edu/ml",
institution = "University of California, Irvine, School of Information and Computer Sciences" }

@article{kanungo2002efficient,
  title={An efficient k-means clustering algorithm: Analysis and implementation},
  author={Kanungo, Tapas and Mount, David M and Netanyahu, Nathan S and Piatko, Christine D and Silverman, Ruth and Wu, Angela Y},
  journal={Pattern Analysis and Machine Intelligence, IEEE Transactions on},
  volume={24},
  number={7},
  pages={881--892},
  year={2002},
  publisher={IEEE}
}

@inproceedings{arthur2007k,
  title={k-means++: The advantages of careful seeding},
  author={Arthur, David and Vassilvitskii, Sergei},
  booktitle={Proceedings of the eighteenth annual ACM-SIAM symposium on Discrete algorithms},
  pages={1027--1035},
  year={2007},
  organization={Society for Industrial and Applied Mathematics}
}

@article{khan2004cluster,
  title={Cluster center initialization algorithm for K-means clustering},
  author={Khan, Shehroz S and Ahmad, Amir},
  journal={Pattern recognition letters},
  volume={25},
  number={11},
  pages={1293--1302},
  year={2004},
  publisher={Elsevier}
}

@article{hartigan1979algorithm,
  title={Algorithm AS 136: A k-means clustering algorithm},
  author={Hartigan, John A and Wong, Manchek A},
  journal={Applied statistics},
  pages={100--108},
  year={1979},
  publisher={JSTOR}
}

@inproceedings{yan2009fast,
  title={Fast approximate spectral clustering},
  author={Yan, Donghui and Huang, Ling and Jordan, Michael I},
  booktitle={Proceedings of the 15th ACM SIGKDD international conference on Knowledge discovery and data mining},
  pages={907--916},
  year={2009},
  organization={ACM}
}


@article{fowlkes2004spectral,
  title={Spectral grouping using the Nystrom method},
  author={Fowlkes, Charless and Belongie, Serge and Chung, Fan and Malik, Jitendra},
  journal={Pattern Analysis and Machine Intelligence, IEEE Transactions on},
  volume={26},
  number={2},
  pages={214--225},
  year={2004},
  publisher={IEEE}
}

@inproceedings{bradley1998refining,
  title={Refining Initial Points for K-Means Clustering.},
  author={Bradley, Paul S and Fayyad, Usama M},
  booktitle={ICML},
  volume={98},
  pages={91--99},
  year={1998},
  organization={Citeseer}
}

@article{chen2011parallel,
  title={Parallel spectral clustering in distributed systems},
  author={Chen, Wen-Yen and Song, Yangqiu and Bai, Hongjie and Lin, Chih-Jen and Chang, Edward Y},
  journal={Pattern Analysis and Machine Intelligence, IEEE Transactions on},
  volume={33},
  number={3},
  pages={568--586},
  year={2011},
  publisher={IEEE}
}

@article{dean2008mapreduce,
  title={MapReduce: simplified data processing on large clusters},
  author={Dean, Jeffrey and Ghemawat, Sanjay},
  journal={Communications of the ACM},
  volume={51},
  number={1},
  pages={107--113},
  year={2008},
  publisher={ACM}
}

@inproceedings{ding2011parallel,
  title={A parallel implementation of Singular Value Decomposition based on Map-Reduce and PARPACK},
  author={Ding, Yaguang and Zhu, Guofeng and Cui, Chenyang and Zhou, Jian and Tao, Liang},
  booktitle={Computer Science and Network Technology (ICCSNT), 2011 International Conference on},
  volume={2},
  pages={739--741},
  year={2011},
  organization={IEEE}
}

@inproceedings{zaharia2010spark,
  title={Spark: cluster computing with working sets},
  author={Zaharia, Matei and Chowdhury, Mosharaf and Franklin, Michael J and Shenker, Scott and Stoica, Ion},
  booktitle={Proceedings of the 2nd USENIX conference on Hot topics in cloud computing},
  pages={10--10},
  year={2010}
}

@article{blei2003latent,
  title={Latent dirichlet allocation},
  author={Blei, David M and Ng, Andrew Y and Jordan, Michael I},
  journal={the Journal of machine Learning research},
  volume={3},
  pages={993--1022},
  year={2003},
  publisher={JMLR. org}
}

@misc{sparkoverview,
  title = {Spark Cluster Overview},
  author = "Spark",
  url = "\url{https://spark.apache.org/docs/latest/cluster-overview.html}",
  note = "[Online; accessed on 10-May-2015]"
}

@misc{spotinstance,
  title = {Amazon Spot Instance},
  author = "Amazon",
  url = "\url{http://aws.amazon.com/ec2/instance-types/?nc2=h_ls}",
  note = "[Online; accessed on 10-May-2015]"
}


@article{von2007tutorial,
  title={A tutorial on spectral clustering},
  author={Von Luxburg, Ulrike},
  journal={Statistics and computing},
  volume={17},
  number={4},
  pages={395--416},
  year={2007},
  publisher={Springer}
}

@inproceedings{malewicz2010pregel,
  title={Pregel: a system for large-scale graph processing},
  author={Malewicz, Grzegorz and Austern, Matthew H and Bik, Aart JC and Dehnert, James C and Horn, Ilan and Leiser, Naty and Czajkowski, Grzegorz},
  booktitle={Proceedings of the 2010 ACM SIGMOD International Conference on Management of data},
  pages={135--146},
  year={2010},
  organization={ACM}
}

@article{low2014graphlab,
  title={Graphlab: A new framework for parallel machine learning},
  author={Low, Yucheng and Gonzalez, Joseph E and Kyrola, Aapo and Bickson, Danny and Guestrin, Carlos E and Hellerstein, Joseph},
  journal={arXiv preprint arXiv:1408.2041},
  year={2014}
}

@article{keerthi2003asymptotic,
  title={Asymptotic behaviors of support vector machines with Gaussian kernel},
  author={Keerthi, S Sathiya and Lin, Chih-Jen},
  journal={Neural computation},
  volume={15},
  number={7},
  pages={1667--1689},
  year={2003},
  publisher={MIT Press}
}
