@misc{Lichman:2013 ,
author = "M. Lichman",
year = "2013",
title = "{UCI} Machine Learning Repository",
url = "http://archive.ics.uci.edu/ml",
institution = "University of California, Irvine, School of Information and Computer Sciences" }

@article{kanungo2002efficient,
  title={An efficient k-means clustering algorithm: Analysis and implementation},
  author={Kanungo, Tapas and Mount, David M and Netanyahu, Nathan S and Piatko, Christine D and Silverman, Ruth and Wu, Angela Y},
  journal={Pattern Analysis and Machine Intelligence, IEEE Transactions on},
  volume={24},
  number={7},
  pages={881--892},
  year={2002},
  publisher={IEEE}
}

@inproceedings{arthur2007k,
  title={k-means++: The advantages of careful seeding},
  author={Arthur, David and Vassilvitskii, Sergei},
  booktitle={Proceedings of the eighteenth annual ACM-SIAM symposium on Discrete algorithms},
  pages={1027--1035},
  year={2007},
  organization={Society for Industrial and Applied Mathematics}
}

@article{khan2004cluster,
  title={Cluster center initialization algorithm for K-means clustering},
  author={Khan, Shehroz S and Ahmad, Amir},
  journal={Pattern recognition letters},
  volume={25},
  number={11},
  pages={1293--1302},
  year={2004},
  publisher={Elsevier}
}

@article{hartigan1979algorithm,
  title={Algorithm AS 136: A k-means clustering algorithm},
  author={Hartigan, John A and Wong, Manchek A},
  journal={Applied statistics},
  pages={100--108},
  year={1979},
  publisher={JSTOR}
}

@inproceedings{yan2009fast,
  title={Fast approximate spectral clustering},
  author={Yan, Donghui and Huang, Ling and Jordan, Michael I},
  booktitle={Proceedings of the 15th ACM SIGKDD international conference on Knowledge discovery and data mining},
  pages={907--916},
  year={2009},
  organization={ACM}
}


@article{fowlkes2004spectral,
  title={Spectral grouping using the Nystrom method},
  author={Fowlkes, Charless and Belongie, Serge and Chung, Fan and Malik, Jitendra},
  journal={Pattern Analysis and Machine Intelligence, IEEE Transactions on},
  volume={26},
  number={2},
  pages={214--225},
  year={2004},
  publisher={IEEE}
}
